@article {JIB:JIB49,
author = {Vriesekoop, Frank and Krahl, Moritz and Hucker, Barry and Menz, Garry},
title = {125th Anniversary Review: Bacteria in brewing: The good, the bad and the ugly},
journal = {Journal of the Institute of Brewing},
volume = {118},
number = {4},
issn = {2050-0416},
url = {http://dx.doi.org/10.1002/jib.49},
doi = {10.1002/jib.49},
pages = {335--345},
keywords = {beneficial bacteria, spoilage bacteria, pathogenic bacteria},
year = {2012},
}


