@article{hoffner_reliable_2013,
	title = {A reliable simulator for dynamic flux balance analysis},
	volume = {110},
	number = {3},
	journal = {Biotechnology and Bioengineering},
	author = {HÃ¶ffner, K. and Harwood, S. M. and Barton, P. I.},
	year = {2013},
	pages = {792--802}
}

