@article{BORODINA201557,
title = "Establishing a synthetic pathway for high-level production of 3-hydroxypropionic acid in Saccharomyces cerevisiae via β-alanine",
journal = "Metabolic Engineering",
volume = "27",
pages = "57 - 64",
year = "2015",
issn = "1096-7176",
doi = "https://doi.org/10.1016/j.ymben.2014.10.003",
url = "http://www.sciencedirect.com/science/article/pii/S1096717614001256",
author = "Irina Borodina and Kanchana R. Kildegaard and Niels B. Jensen and Thomas H. Blicher and Jérôme Maury and Svetlana Sherstyk and Konstantin Schneider and Pedro Lamosa and Markus J. Herrgård and Inger Rosenstand and Fredrik Öberg and Jochen Forster and Jens Nielsen",
keywords = "Biosustainable acrylics, 3-hydroxypropionic acid, , β-alanine, β-alanine-pyruvate aminotransferase"
}
