@article{brexo_impact_2017,
	title = {Impact and significance of microbial contamination during fermentation for bioethanol production},
	volume = {73},
	journal = {Renewable and Sustainable Energy Reviews},
	author = {Brexó, Ramon Peres and Sant’Ana, Anderson S.},
	year = {2017},
	pages = {423--434}
}

@article{hoffner_reliable_2013,
	title = {A reliable simulator for dynamic flux balance analysis},
	volume = {110},
	number = {3},
	journal = {Biotechnology and Bioengineering},
	author = {Höffner, K. and Harwood, S. M. and Barton, P. I.},
	year = {2013},
	pages = {792--802}
}

@book{bubnik1995sugar,
  title={Sugar technologists manual: chemical and physical data for sugar manufacturers and users},
  author={Bubnk, Zdenek and Kadlec, P and Urban, D and Bruhns, M},
  year={1995},
  publisher={Bartens}
}

@misc{fao_water_1987,
  title = {Chemical features of water},
  year = {1987},
  urldate = {April 10, 2018},
  url = {http://www.fao.org/docrep/field/003/AC183E/AC183E04.htm}
}

@misc{pupchen_website,
  title = {PubChem: Open chemistry database},
  year = {2018},
  urldate = {April 10, 2018},
  url = {https://pubchem.ncbi.nlm.nih.gov/}
}

@misc{biergesetz_1993,
  title = {Vorläufiges Biergesetz, Bundesgesetzblatt 1993 Teil I Seite 1400},
  year = {1993},
  urldate = {April 13, 2018},
  url = {http://archiv.jura.uni-saarland.de/BGBl/TEIL1/1993/19931400.1.HTML}
}

@misc{weingesetz_1994,
  title = {Weingesetz nach änderung durch Artikel 9 des Gesetzes vom 27. Juni 2017 (BGBl. I S. 1966)},
  year = {1994},
  urldate = {April 13, 2018},
  url = {https://www.gesetze-im-internet.de/weing_1994/BJNR146710994.html}
}

@misc{demeter_processing_standards_2017,
  title = {Demeter processing standards},
  year = {2017},
  urldate = {April 13, 2018},
  url = {http://www.demeter.net/sites/default/files/di_processing_stds_demeter_biodynamic_17_-_e.pdf}
}

@article{zhuang_genome-scale_2011,
	title = {Genome-scale dynamic modeling of the competition between Rhodoferax and Geobacter in anoxic subsurface environments},
	volume = {5},
	journal = {The ISME Journal},
	author = {Zhuang, Kai and Izallalen, Mounir and Mouser, Paula and Richter, Hanno and Risso, Carla and Mahadevan, Radhakrishnan and Lovley, Derek R},
	year = {2011},
	pages = {305--316}
}

@article{zhuang_design_2012,
	title = {The design of long-term effective uranium bioremediation strategy using a community metabolic model},
	volume = {109},
	journal = {Biotechnology and Bioengineering},
	author = {Zhuang, K. and Ma, E. and Lovley, Derek R. and Mahadevan, Radhakrishnan},
	year = {2012},
	pages = {2475--2483}
}

@article{johnson2011original,
  title={The original Michaelis constant: translation of the 1913 Michaelis--Menten paper},
  author={Johnson, Kenneth A and Goody, Roger S},
  journal={Biochemistry},
  volume={50},
  number={39},
  pages={8264--8269},
  year={2011},
  publisher={ACS Publications}
}

@article{zomorrodi_synthetic_2016,
	title = {Synthetic Ecology of Microbes: Mathematical Models and Applications},
	volume = {428},
	journal = {Journal of Molecular Biology},
	author = {Zomorrodi, Ali R. and Segrè, Daniel},
	year = {2016},
	pages = {837--861}
}

@article{mahadevan_dynamic_2002,
	title = {Dynamic {Flux} {Balance} {Analysis} of {Diauxic} {Growth} in {Escherichia} coli},
	volume = {83},
	journal = {Biophysical Journal},
	author = {Mahadevan, Radhakrishnan and Edwards, Jeremy S. and Doyle, Francis J.},
	year = {2002},
	pages = {1331--1340}
}

@article{luo_dynamic_2006,
	title = {Dynamic analysis of optimality in myocardial energy metabolism under normal and ischemic conditions},
	volume = {2},
	journal = {Molecular Systems Biology},
	author = {Luo, Ruo-Yu and Liao, Sha and Tao, Guan-Yang and Li, Yuan-Yuan and Zeng, Shaoqun and Li, Yi-Xue and Luo, Qingming},
	year = {2006}
}

@article{luo_photosynthetic_2009,
	title = {Photosynthetic metabolism of C3 plants shows highly cooperative regulation under changing environments: A systems biological analysis},
	volume = {106},
	journal = {Proceedings of the National Academy of Sciences},
	author = {Luo, R. and Wei, H. and Ye, L. and Wang, K. and Chen, F. and Luo, L. and Liu, L. and Li, Y. and Crabbe, M. J. C. and Jin, L. and Li, Y. and Zhong, Y.},
	year = {2009},
	pages = {847--852}
}

@article{henson_dynamic_2014,
	title = {Dynamic flux balance analysis for synthetic microbial communities},
	volume = {8},
	journal = {IET Systems Biology},
	author = {Henson, Michael A. and Hanly, Timothy J.},
	year = {2014},
	pages = {214--229}
}

@article{sainz_modeling_2003,
	title = {Modeling of yeast metabolism and process dynamics in batch fermentation: Modeling Yeast Metabolism},
	volume = {81},
	journal = {Biotechnology and Bioengineering},
	author = {Sainz, Javier and Pizarro, Francisco and Pérez-Correa, J. Ricardo and Agosin, Eduardo},
	year = {2003},
	pages = {818--828}
}

@article{hanly_dynamic_2011,
	title = {Dynamic flux balance modeling of microbial co-cultures for efficient batch fermentation of glucose and xylose mixtures},
	volume = {108},
	journal = {Biotechnology and Bioengineering},
	author = {Hanly, Timothy J. and Henson, Michael A.},
	year = {2011},
	pages = {376--385}
}

@article{pizarro_coupling_2007,
	title = {Coupling kinetic expressions and metabolic networks for predicting wine fermentations},
	volume = {98},
	journal = {Biotechnology and Bioengineering},
	author = {Pizarro, Francisco and Varela, Cristian and Martabit, Cecilia and Bruno, Claudio and Pérez-Correa, J. Ricardo and Agosin, Eduardo},
	year = {2007},
	pages = {986--998}
}

@article{narendranath_effects_1997,
	title = {Effects of Lactobacilli on Yeast-Catalyzed Ethanol Fermentations},
	volume = {63},
	language = {en},
	number = {11},
	journal = {APPL. ENVIRON. MICROBIOL.},
	author = {NARENDRANATH, N V and HYNES, S H and THOMAS, K C and INGLEDEW, W M},
	year = {1997},
	pages = {6}
}

@article{makanjuola_effects_1992,
	title = {Some effects of lactic acid bacteria on laboratory-scale yeast fermentations},
	volume = {14},
	number = {5},
	journal = {Enzyme and Microbial Technology},
	author = {Makanjuola, D.B. and Tymon, Anna and Springham, D.G.},
	year = {1992},
	pages = {350--357}
}

@article{karp2009pathway,
  title={Pathway Tools version 13.0: integrated software for pathway/genome informatics and systems biology},
  author={Karp, Peter D and Paley, Suzanne M and Krummenacker, Markus and Latendresse, Mario and Dale, Joseph M and Lee, Thomas J and Kaipa, Pallavi and Gilham, Fred and Spaulding, Aaron and Popescu, Liviu and others},
  journal={Briefings in bioinformatics},
  volume={11},
  number={1},
  pages={40--79},
  year={2009},
  publisher={Oxford University Press}
}

@article{henry2010high,
  title={High-throughput generation, optimization and analysis of genome-scale metabolic models},
  author={Henry, Christopher S and DeJongh, Matthew and Best, Aaron A and Frybarger, Paul M and Linsay, Ben and Stevens, Rick L},
  journal={Nature biotechnology},
  volume={28},
  number={9},
  pages={977},
  year={2010},
  publisher={Nature Publishing Group}
}

@incollection{santos_practical_2011,
	title = {A Practical Guide to Genome-Scale Metabolic Models and Their Analysis},
	volume = {500},
	publisher = {Elsevier},
	author = {Santos, Filipe and Boele, Joost and Teusink, Bas},
	year = {2011},
	pages = {509--532}
}

@article{hjersted_genome-scale_2007,
	title = {Genome-scale analysis ofSaccharomyces cerevisiae metabolism and ethanol production in fed-batch culture},
	volume = {97},
	author = {Hjersted, Jared L. and Henson, Michael A. and Mahadevan, Radhakrishnan},
	year = {2007},
	pages = {1190--1204}
}

@article{notebaart2006accelerating,
  title={Accelerating the reconstruction of genome-scale metabolic networks},
  author={Notebaart, Richard A and Van Enckevort, Frank HJ and Francke, Christof and Siezen, Roland J and Teusink, Bas},
  journal={BMC bioinformatics},
  volume={7},
  number={1},
  pages={296},
  year={2006},
  publisher={BioMed Central}
}

@book{palsson2015systems,
  title={Systems biology},
  author={Palsson, Bernhard},
  year={2015},
  publisher={Cambridge university press}
}

@article{orth_what_2010,
	title = {What is flux balance analysis?},
	volume = {28},
	number = {3},
	journal = {Nature Biotechnology},
	author = {Orth, Jeffrey D and Thiele, Ines and Palsson, Bernhard Ø},
	year = {2010},
	pages = {245--248}
}

@article{heirendt_creation_nodate,
  title={Creation and analysis of biochemical constraint-based models: the COBRA Toolbox v3. 0},
  author={Heirendt, Laurent and Arreckx, Sylvain and Pfau, Thomas and Mendoza, Sebastian N and Richelle, Anne and Heinken, Almut and Haraldsdottir, Hulda S and Keating, Sarah M and Vlasov, Vanja and Wachowiak, Jacek and others},
  year={2017}
}

@article{ebrahim_cobrapy_2013,
	title = {COBRApy: COnstraints-Based Reconstruction and Analysis for Python},
	volume = {7},
	number = {1},
	journal = {BMC Systems Biology},
	author = {Ebrahim, Ali and Lerman, Joshua A and Palsson, Bernhard O and Hyduke, Daniel R},
	year = {2013}
}

@article{vargas_expanding_2011,
	title = {Expanding a dynamic flux balance model of yeast fermentation to genome-scale},
	volume = {5},
	number = {1},
	journal = {BMC Systems Biology},
	author = {Vargas, Felipe A and Pizarro, Francisco and Pérez-Correa, J Ricardo and Agosin, Eduardo},
	year = {2011},
	pages = {75}
}

@article{teusink_analysis_2006,
	title = {Analysis of Growth of Lactobacillus plantarum WCFS1 on a Complex Medium Using a Genome-scale Metabolic Model},
	volume = {281},
	number = {52},
	journal = {Journal of Biological Chemistry},
	author = {Teusink, Bas and Wiersma, Anne and Molenaar, Douwe and Francke, Christof and de Vos, Willem M. and Siezen, Roland J. and Smid, Eddy J.},
	year = {2006},
	pages = {40041--40048}
}
